\usepackage{hyperref}

@misc{website:django,
      title = "{Django}",
      howpublished = "\url{http://docs.djangoproject.com}"
}

@misc{pdf:sekrety-ogorka:przybecki.p65,
	title = "{Sekrety ogorka nareszcie ujawnione}",
	howpublished = "\url{http://pbkom.eu/sites/default/files/artykulydo2012/36\_S25\_19.pdf}"
	%http://pbkom.eu/sites/default/files/artykulydo2012/36_S25_19.pdf
}
