@article{woycicki2011genome,
  title={The genome sequence of the North-European cucumber (Cucumis sativus L.) unravels evolutionary adaptation mechanisms in plants},
  author={W{\'o}ycicki, Rafa{\l} and Witkowicz, Justyna and Gawro{\'n}ski, Piotr and D{\k{a}}browska, Joanna and Lomsadze, Alexandre and Pawe{\l}kowicz, Magdalena and Siedlecka, Ewa and Yagi, Kohei and Pl{\k{a}}der, Wojciech and Seroczy{\'n}ska, Anna and others},
  journal={PLoS One},
  volume={6},
  number={7},
  pages={e22728},
  year={2011},
  publisher={Public Library of Science}
}

@article{smith1981identification,
  title={Identification of common molecular subsequences},
  author={Smith, Temple F and Waterman, Michael S},
  journal={Journal of molecular biology},
  volume={147},
  number={1},
  pages={195--197},
  year={1981},
  publisher={Elsevier}
}

@article{boyer1977fast,
  title={A fast string searching algorithm},
  author={Boyer, Robert S and Moore, J Strother},
  journal={Communications of the ACM},
  volume={20},
  number={10},
  pages={762--772},
  year={1977},
  publisher={ACM}
}

@article{knuth1977fast,
  title={Fast pattern matching in strings},
  author={Knuth, Donald E and Morris, Jr, James H and Pratt, Vaughan R},
  journal={SIAM journal on computing},
  volume={6},
  number={2},
  pages={323--350},
  year={1977},
  publisher={SIAM}
}

@article{altschul1997gapped,
  title={Gapped BLAST and PSI-BLAST: a new generation of protein database search programs},
  author={Altschul, Stephen F and Madden, Thomas L and Sch{\"a}ffer, Alejandro A and Zhang, Jinghui and Zhang, Zheng and Miller, Webb and Lipman, David J},
  journal={Nucleic acids research},
  volume={25},
  number={17},
  pages={3389--3402},
  year={1997},
  publisher={Oxford Univ Press}
}

@book{rn:cpp,
author = {Robert Nowak and Andrzej Pajak},
title = {C++ programming, boost libraries and design patterns, in polish: Język C++: mechanizmy, wzorce, biblioteki},
publisher = {BTC},
year = {2010},
note = {ISBN 978-83-60233-66-5},
address = {Legionowo},
}

@article{karolchik2003ucsc,
  title={The UCSC genome browser database},
  author={Karolchik, Donna and Baertsch, Robert and Diekhans, Mark and Furey, Terrence S. and Hinrichs, A and Lu, YT and Roskin, Krishna M. and Schwartz, M and Sugnet, Charles W. and Thomas, Daryl J and others},
  journal={Nucleic acids research},
  volume={31},
  number={1},
  pages={51--54},
  year={2003},
  publisher={Oxford Univ Press}
}

@article{ware2002gramene,
  title={Gramene: a resource for comparative grass genomics},
  author={Ware, Doreen and Jaiswal, Pankaj and Ni, Junjian and Pan, Xiaokang and Chang, Kuan and Clark, Kenneth and Teytelman, Leonid and Schmidt, Steve and Zhao, Wei and Cartinhour, Samuel and others},
  journal={Nucleic Acids Research},
  volume={30},
  number={1},
  pages={103--105},
  year={2002},
  publisher={Oxford Univ Press}
}

@article{hubbard2002ensembl,
  title={The Ensembl genome database project},
  author={Hubbard, T and Barker, Daniel and Birney, Ewan and Cameron, Graham and Chen, Yuan and Clark, L and Cox, Tony and Cuff, J and Curwen, Val and Down, Thomas and others},
  journal={Nucleic acids research},
  volume={30},
  number={1},
  pages={38--41},
  year={2002},
  publisher={Oxford Univ Press}
}

@article{stein2002generic,
  title={The generic genome browser: a building block for a model organism system database},
  author={Stein, Lincoln D and Mungall, Christopher and Shu, ShengQiang and Caudy, Michael and Mangone, Marco and Day, Allen and Nickerson, Elizabeth and Stajich, Jason E and Harris, Todd W and Arva, Adrian and others},
  journal={Genome research},
  volume={12},
  number={10},
  pages={1599--1610},
  year={2002},
  publisher={Cold Spring Harbor Lab}
}

@article{visel2007vista,
  title={VISTA Enhancer Browser—a database of tissue-specific human enhancers},
  author={Visel, Axel and Minovitsky, Simon and Dubchak, Inna and Pennacchio, Len A},
  journal={Nucleic acids research},
  volume={35},
  number={suppl 1},
  pages={D88--D92},
  year={2007},
  publisher={Oxford Univ Press}
}

@article{skinner2009jbrowse,
  title={JBrowse: a next-generation genome browser},
  author={Skinner, Mitchell E and Uzilov, Andrew V and Stein, Lincoln D and Mungall, Christopher J and Holmes, Ian H},
  journal={Genome research},
  volume={19},
  number={9},
  pages={1630--1638},
  year={2009},
  publisher={Cold Spring Harbor Lab}
}

@article{pan2005synbrowse,
  title={SynBrowse: a synteny browser for comparative sequence analysis},
  author={Pan, Xiaokang and Stein, Lincoln and Brendel, Volker},
  journal={Bioinformatics},
  volume={21},
  number={17},
  pages={3461--3468},
  year={2005},
  publisher={Oxford Univ Press}
}

@article{kong2012abrowse,
  title={ABrowse-a customizable next-generation genome browser framework},
  author={Kong, Lei and Wang, Jun and Zhao, Shuqi and Gu, Xiaocheng and Luo, Jingchu and Gao, Ge},
  journal={BMC bioinformatics},
  volume={13},
  number={1},
  pages={2},
  year={2012},
  publisher={BioMed Central Ltd}
}

@article{lister2008highly,
  title={Highly Integrated Single-Base Resolution Maps of the Epigenome in Arabidopsis},
  author={Lister, Ryan and O'Malley, Ronan C and Tonti-Filippini, Julian and Gregory, Brian D and Berry, Charles C and Millar, A Harvey and Ecker, Joseph R},
  journal={Cell},
  volume={133},
  number={3},
  pages={523--536},
  year={2008},
  publisher={Elsevier}
}

@article{rn:bmri2014biosoftarch,
  author    = {Robert M. Nowak},
  title     = {Polyglot programming the applications to analyze genetic data},
  journal   = {BioMed Research International},
  publisher = {Hindawi Publishing Corporation},
  volume={2014},
  year={2014},
  pages={1 -- 7},
  note = {doi:10.1155/2014/253013, \url{http://www.hindawi.com/journals/bmri/2014/253013}},
}
